%YAML 1.1
%TAG !u! tag:unity3d.com,2011:
--- !u!1001 &100100000
Prefab:
  m_ObjectHideFlags: 1
  serializedVersion: 2
  m_Modification:
    m_TransformParent: {fileID: 0}
    m_Modifications: []
    m_RemovedComponents: []
  m_SourcePrefab: {fileID: 0}
  m_RootGameObject: {fileID: 1034059193865856}
  m_IsPrefabAsset: 1
--- !u!1 &1034059193865856
GameObject:
  m_ObjectHideFlags: 0
  m_CorrespondingSourceObject: {fileID: 0}
  m_PrefabInternal: {fileID: 100100000}
  serializedVersion: 6
  m_Component:
  - component: {fileID: 4875710565169222}
  - component: {fileID: 114063950738125848}
  - component: {fileID: 114160492170129172}
  m_Layer: 0
  m_Name: GameController
  m_TagString: Untagged
  m_Icon: {fileID: 0}
  m_NavMeshLayer: 0
  m_StaticEditorFlags: 0
  m_IsActive: 1
--- !u!1 &1356467567108984
GameObject:
  m_ObjectHideFlags: 0
  m_CorrespondingSourceObject: {fileID: 0}
  m_PrefabInternal: {fileID: 100100000}
  serializedVersion: 6
  m_Component:
  - component: {fileID: 4505338682466184}
  - component: {fileID: 114659911151136278}
  - component: {fileID: 82266526820674582}
  m_Layer: 0
  m_Name: Sounds
  m_TagString: Untagged
  m_Icon: {fileID: 0}
  m_NavMeshLayer: 0
  m_StaticEditorFlags: 0
  m_IsActive: 1
--- !u!1 &1727614094317616
GameObject:
  m_ObjectHideFlags: 0
  m_CorrespondingSourceObject: {fileID: 0}
  m_PrefabInternal: {fileID: 100100000}
  serializedVersion: 6
  m_Component:
  - component: {fileID: 4886768959343520}
  - component: {fileID: 114909069854197416}
  - component: {fileID: 114971294128675916}
  m_Layer: 0
  m_Name: Logic
  m_TagString: Untagged
  m_Icon: {fileID: 0}
  m_NavMeshLayer: 0
  m_StaticEditorFlags: 0
  m_IsActive: 1
--- !u!1 &1886609277554272
GameObject:
  m_ObjectHideFlags: 1
  m_CorrespondingSourceObject: {fileID: 0}
  m_PrefabInternal: {fileID: 100100000}
  serializedVersion: 6
  m_Component:
  - component: {fileID: 4234535817744842}
  - component: {fileID: 82740920180607072}
  m_Layer: 0
  m_Name: MusicPlayer
  m_TagString: Untagged
  m_Icon: {fileID: 0}
  m_NavMeshLayer: 0
  m_StaticEditorFlags: 0
  m_IsActive: 1
--- !u!4 &4234535817744842
Transform:
  m_ObjectHideFlags: 1
  m_CorrespondingSourceObject: {fileID: 0}
  m_PrefabInternal: {fileID: 100100000}
  m_GameObject: {fileID: 1886609277554272}
  m_LocalRotation: {x: 0, y: 0, z: 0, w: 1}
  m_LocalPosition: {x: 0, y: 0, z: 0}
  m_LocalScale: {x: 1, y: 1, z: 1}
  m_Children: []
  m_Father: {fileID: 4505338682466184}
  m_RootOrder: 0
  m_LocalEulerAnglesHint: {x: 0, y: 0, z: 0}
--- !u!4 &4505338682466184
Transform:
  m_ObjectHideFlags: 1
  m_CorrespondingSourceObject: {fileID: 0}
  m_PrefabInternal: {fileID: 100100000}
  m_GameObject: {fileID: 1356467567108984}
  m_LocalRotation: {x: 0, y: 0, z: 0, w: 1}
  m_LocalPosition: {x: 0, y: 0, z: 0}
  m_LocalScale: {x: 1, y: 1, z: 1}
  m_Children:
  - {fileID: 4234535817744842}
  m_Father: {fileID: 4875710565169222}
  m_RootOrder: 1
  m_LocalEulerAnglesHint: {x: 0, y: 0, z: 0}
--- !u!4 &4875710565169222
Transform:
  m_ObjectHideFlags: 1
  m_CorrespondingSourceObject: {fileID: 0}
  m_PrefabInternal: {fileID: 100100000}
  m_GameObject: {fileID: 1034059193865856}
  m_LocalRotation: {x: 0, y: 0, z: 0, w: 1}
  m_LocalPosition: {x: 127.19822, y: 5.767408, z: 236.08487}
  m_LocalScale: {x: 1, y: 1, z: 1}
  m_Children:
  - {fileID: 4886768959343520}
  - {fileID: 4505338682466184}
  m_Father: {fileID: 0}
  m_RootOrder: 0
  m_LocalEulerAnglesHint: {x: 0, y: 0, z: 0}
--- !u!4 &4886768959343520
Transform:
  m_ObjectHideFlags: 1
  m_CorrespondingSourceObject: {fileID: 0}
  m_PrefabInternal: {fileID: 100100000}
  m_GameObject: {fileID: 1727614094317616}
  m_LocalRotation: {x: -0, y: -0, z: -0, w: 1}
  m_LocalPosition: {x: -130.01462, y: -10.881519, z: -217.01958}
  m_LocalScale: {x: 1, y: 1, z: 1}
  m_Children: []
  m_Father: {fileID: 4875710565169222}
  m_RootOrder: 0
  m_LocalEulerAnglesHint: {x: 0, y: 0, z: 0}
--- !u!82 &82266526820674582
AudioSource:
  m_ObjectHideFlags: 1
  m_CorrespondingSourceObject: {fileID: 0}
  m_PrefabInternal: {fileID: 100100000}
  m_GameObject: {fileID: 1356467567108984}
  m_Enabled: 1
  serializedVersion: 4
  OutputAudioMixerGroup: {fileID: 0}
  m_audioClip: {fileID: 0}
  m_PlayOnAwake: 0
  m_Volume: 1
  m_Pitch: 1
  Loop: 0
  Mute: 0
  Spatialize: 0
  SpatializePostEffects: 0
  Priority: 128
  DopplerLevel: 1
  MinDistance: 1
  MaxDistance: 500
  Pan2D: 0
  rolloffMode: 0
  BypassEffects: 0
  BypassListenerEffects: 0
  BypassReverbZones: 0
  rolloffCustomCurve:
    serializedVersion: 2
    m_Curve:
    - serializedVersion: 3
      time: 0
      value: 1
      inSlope: 0
      outSlope: 0
      tangentMode: 0
      weightedMode: 0
      inWeight: 0.33333334
      outWeight: 0.33333334
    - serializedVersion: 3
      time: 1
      value: 0
      inSlope: 0
      outSlope: 0
      tangentMode: 0
      weightedMode: 0
      inWeight: 0.33333334
      outWeight: 0.33333334
    m_PreInfinity: 2
    m_PostInfinity: 2
    m_RotationOrder: 4
  panLevelCustomCurve:
    serializedVersion: 2
    m_Curve:
    - serializedVersion: 3
      time: 0
      value: 0
      inSlope: 0
      outSlope: 0
      tangentMode: 0
      weightedMode: 0
      inWeight: 0.33333334
      outWeight: 0.33333334
    m_PreInfinity: 2
    m_PostInfinity: 2
    m_RotationOrder: 4
  spreadCustomCurve:
    serializedVersion: 2
    m_Curve:
    - serializedVersion: 3
      time: 0
      value: 0
      inSlope: 0
      outSlope: 0
      tangentMode: 0
      weightedMode: 0
      inWeight: 0.33333334
      outWeight: 0.33333334
    m_PreInfinity: 2
    m_PostInfinity: 2
    m_RotationOrder: 4
  reverbZoneMixCustomCurve:
    serializedVersion: 2
    m_Curve:
    - serializedVersion: 3
      time: 0
      value: 1
      inSlope: 0
      outSlope: 0
      tangentMode: 0
      weightedMode: 0
      inWeight: 0.33333334
      outWeight: 0.33333334
    m_PreInfinity: 2
    m_PostInfinity: 2
    m_RotationOrder: 4
--- !u!82 &82740920180607072
AudioSource:
  m_ObjectHideFlags: 1
  m_CorrespondingSourceObject: {fileID: 0}
  m_PrefabInternal: {fileID: 100100000}
  m_GameObject: {fileID: 1886609277554272}
  m_Enabled: 1
  serializedVersion: 4
  OutputAudioMixerGroup: {fileID: 0}
  m_audioClip: {fileID: 8300000, guid: aabd9a5e5797dc8459387592e01ab615, type: 3}
  m_PlayOnAwake: 1
  m_Volume: 0.837
  m_Pitch: 1
  Loop: 1
  Mute: 0
  Spatialize: 0
  SpatializePostEffects: 0
  Priority: 128
  DopplerLevel: 1
  MinDistance: 1
  MaxDistance: 500
  Pan2D: 0
  rolloffMode: 0
  BypassEffects: 0
  BypassListenerEffects: 0
  BypassReverbZones: 0
  rolloffCustomCurve:
    serializedVersion: 2
    m_Curve:
    - serializedVersion: 3
      time: 0
      value: 1
      inSlope: 0
      outSlope: 0
      tangentMode: 0
      weightedMode: 0
      inWeight: 0.33333334
      outWeight: 0.33333334
    - serializedVersion: 3
      time: 1
      value: 0
      inSlope: 0
      outSlope: 0
      tangentMode: 0
      weightedMode: 0
      inWeight: 0.33333334
      outWeight: 0.33333334
    m_PreInfinity: 2
    m_PostInfinity: 2
    m_RotationOrder: 4
  panLevelCustomCurve:
    serializedVersion: 2
    m_Curve:
    - serializedVersion: 3
      time: 0
      value: 0
      inSlope: 0
      outSlope: 0
      tangentMode: 0
      weightedMode: 0
      inWeight: 0.33333334
      outWeight: 0.33333334
    m_PreInfinity: 2
    m_PostInfinity: 2
    m_RotationOrder: 4
  spreadCustomCurve:
    serializedVersion: 2
    m_Curve:
    - serializedVersion: 3
      time: 0
      value: 0
      inSlope: 0
      outSlope: 0
      tangentMode: 0
      weightedMode: 0
      inWeight: 0.33333334
      outWeight: 0.33333334
    m_PreInfinity: 2
    m_PostInfinity: 2
    m_RotationOrder: 4
  reverbZoneMixCustomCurve:
    serializedVersion: 2
    m_Curve:
    - serializedVersion: 3
      time: 0
      value: 1
      inSlope: 0
      outSlope: 0
      tangentMode: 0
      weightedMode: 0
      inWeight: 0.33333334
      outWeight: 0.33333334
    m_PreInfinity: 2
    m_PostInfinity: 2
    m_RotationOrder: 4
--- !u!114 &114063950738125848
MonoBehaviour:
  m_ObjectHideFlags: 1
  m_CorrespondingSourceObject: {fileID: 0}
  m_PrefabInternal: {fileID: 100100000}
  m_GameObject: {fileID: 1034059193865856}
  m_Enabled: 1
  m_EditorHideFlags: 0
  m_Script: {fileID: 11500000, guid: c132f05db069488458c0068180d98c8b, type: 3}
  m_Name: 
  m_EditorClassIdentifier: 
  CellSize: {x: 16, y: 4, z: 16}
  BorderSize: 2
  NPCOxygenPerS: 0.01
  NPCWaterPerS: 0.05
  NPCFoodPerS: 0.02
  Cinematic: 0
  CinematicSeed: 51962343
  FoodMaximum: 200
  WaterMaximum: 500
--- !u!114 &114160492170129172
MonoBehaviour:
  m_ObjectHideFlags: 1
  m_CorrespondingSourceObject: {fileID: 0}
  m_PrefabInternal: {fileID: 100100000}
  m_GameObject: {fileID: 1034059193865856}
  m_Enabled: 1
  m_EditorHideFlags: 0
  m_Script: {fileID: 11500000, guid: 4c0f3e997df10f94389266ccb8256acd, type: 3}
  m_Name: 
  m_EditorClassIdentifier: 
  Size:
    x: 8
    y: 16
  StructurePrefabs:
    Slums:
    - {fileID: 114646950135089252, guid: 8b973176478cc084491ce96108ac8884, type: 2}
    - {fileID: 114646950135089252, guid: 7b9817a71a7f1c244afa84611fcd5bab, type: 2}
    - {fileID: 114257891306595242, guid: 4bc633d562c962b4a8cca791ef17e005, type: 2}
    - {fileID: 114101298469138292, guid: 141bb406a8f8fd748a0f467d191b54c4, type: 2}
    - {fileID: 114398176338777270, guid: 6e8145ce97037f74a96fd06c26864fe3, type: 2}
    WaterFilters:
    - {fileID: 114744341774159900, guid: 86e92bd8b4bb229449006a6c7ea81e43, type: 2}
    AirFilters:
    - {fileID: 114598490481121276, guid: 2cdf400d2d2816f4dac95c94313d9397, type: 2}
    Farms:
    - {fileID: 114292176181534106, guid: 03efbba5729588f40818e5782cb344e9, type: 2}
    LivingSpaces:
    - {fileID: 114188337437054142, guid: 4164cd051ca1e4b4db63362c374dfe81, type: 2}
    NewSlums:
    - {fileID: 114646950135089252, guid: 9d29f7f758f4fe145bb5a3890df30b07, type: 2}
    ReactorCore: {fileID: 114169819248434722, guid: 6e2589d131541de46911dc84cbe420bf,
      type: 2}
    Pillars:
    - {fileID: 114954589581589236, guid: 484770aae92c45a46be4f9fda7b88d76, type: 2}
    - {fileID: 114805588321412392, guid: b7b515e7f34fee742a31abc54091bff2, type: 2}
    - {fileID: 114324007452226994, guid: 64d839abe66cca14f8620c50727ded5f, type: 2}
    - {fileID: 114310896303761984, guid: c0d6e7650800b0b40b01fb311eaa9994, type: 2}
    ResourceSpots:
    - {fileID: 114139079487885204, guid: 39e01b74aa4c12f41abbc4ce7ef338d1, type: 2}
    - {fileID: 114011303830569330, guid: 0ede5486d8530d0418773177e431f1ee, type: 2}
    Engine: {fileID: 114899995860968106, guid: c2c49c4227691944493d9b345caa4746, type: 2}
    InfiniteMetal: {fileID: 114364877346800366, guid: 2efa68f54e630054ca01f1a1cf24f48d,
      type: 2}
    InfiniteElectronics: {fileID: 114079404689264880, guid: d662e76dc103d87468aa5a5fa56e5111,
      type: 2}
    InfiniteConcrete: {fileID: 114790845774664972, guid: 654e7f61f6eb8844fbf0d52fc04b09a1,
      type: 2}
  StructureCosts:
  - type: 1
    Costs:
    - type: 0
      Amount: 25
    - type: 2
      Amount: 10
    - type: 1
      Amount: 5
  - type: 2
    Costs:
    - type: 2
      Amount: 5
    - type: 0
      Amount: 25
    - type: 1
      Amount: 5
  - type: 3
    Costs:
    - type: 2
      Amount: 20
    - type: 0
      Amount: 25
  - type: 4
    Costs:
    - type: 2
      Amount: 15
    - type: 0
      Amount: 25
    - type: 1
      Amount: 10
--- !u!114 &114659911151136278
MonoBehaviour:
  m_ObjectHideFlags: 1
  m_CorrespondingSourceObject: {fileID: 0}
  m_PrefabInternal: {fileID: 100100000}
  m_GameObject: {fileID: 1356467567108984}
  m_Enabled: 1
  m_EditorHideFlags: 0
  m_Script: {fileID: 11500000, guid: 51baa2a98ab8d4346b905a992a190736, type: 3}
  m_Name: 
  m_EditorClassIdentifier: 
  Initialized: 0
  BuildingPlaced: {fileID: 8300000, guid: 06e180eb3a718254d8ed004fa0ff4b2a, type: 3}
  CantPlaceBuilding: {fileID: 8300000, guid: ac2a1b3186a5cac48b6b56858219321c, type: 3}
  source: {fileID: 0}
--- !u!114 &114909069854197416
MonoBehaviour:
  m_ObjectHideFlags: 1
  m_CorrespondingSourceObject: {fileID: 0}
  m_PrefabInternal: {fileID: 100100000}
  m_GameObject: {fileID: 1727614094317616}
  m_Enabled: 1
  m_EditorHideFlags: 0
  m_Script: {fileID: 11500000, guid: 335d4b5df8562e5429cd12b54b8bfd64, type: 3}
  m_Name: 
  m_EditorClassIdentifier: 
  Initialized: 0
  HighlightMat: {fileID: 2100000, guid: bc14e1c1c40d1ec4abeaab5c5152241a, type: 2}
  InCompleteMaterial: {fileID: 2100000, guid: 62f4f428e0c3c9a4996b0e23dd274c87, type: 2}
  Interactable: {fileID: 0}
  InteractionDistance: 10
--- !u!114 &114971294128675916
MonoBehaviour:
  m_ObjectHideFlags: 1
  m_CorrespondingSourceObject: {fileID: 0}
  m_PrefabInternal: {fileID: 100100000}
  m_GameObject: {fileID: 1727614094317616}
  m_Enabled: 1
  m_EditorHideFlags: 0
  m_Script: {fileID: 11500000, guid: fee34f10ac475a346bba650836bc786b, type: 3}
  m_Name: 
  m_EditorClassIdentifier: 
  Initialized: 0
  resources:
  - type: 0
    Amount: 30
  - type: 1
    Amount: 5
  - type: 2
    Amount: 20
  ResourceBoxValues:
  - type: 0
    Amount: 60
  - type: 1
    Amount: 20
  - type: 2
    Amount: 32
  DefaultBoxValue: 20
  ResourcePerHit: 4
