%YAML 1.1
%TAG !u! tag:unity3d.com,2011:
--- !u!1001 &100100000
Prefab:
  m_ObjectHideFlags: 1
  serializedVersion: 2
  m_Modification:
    m_TransformParent: {fileID: 0}
    m_Modifications: []
    m_RemovedComponents: []
  m_SourcePrefab: {fileID: 0}
  m_RootGameObject: {fileID: 1997583699332898}
  m_IsPrefabAsset: 1
--- !u!1 &1002899913142504
GameObject:
  m_ObjectHideFlags: 1
  m_CorrespondingSourceObject: {fileID: 0}
  m_PrefabInternal: {fileID: 100100000}
  serializedVersion: 6
  m_Component:
  - component: {fileID: 4010501365844638}
  m_Layer: 0
  m_Name: foot.l
  m_TagString: Untagged
  m_Icon: {fileID: 0}
  m_NavMeshLayer: 0
  m_StaticEditorFlags: 0
  m_IsActive: 1
--- !u!1 &1004958539550406
GameObject:
  m_ObjectHideFlags: 1
  m_CorrespondingSourceObject: {fileID: 0}
  m_PrefabInternal: {fileID: 100100000}
  serializedVersion: 6
  m_Component:
  - component: {fileID: 4560305010439594}
  m_Layer: 0
  m_Name: hand.r
  m_TagString: Untagged
  m_Icon: {fileID: 0}
  m_NavMeshLayer: 0
  m_StaticEditorFlags: 0
  m_IsActive: 1
--- !u!1 &1021728404660968
GameObject:
  m_ObjectHideFlags: 1
  m_CorrespondingSourceObject: {fileID: 0}
  m_PrefabInternal: {fileID: 100100000}
  serializedVersion: 6
  m_Component:
  - component: {fileID: 4649119441641678}
  m_Layer: 0
  m_Name: c_ankle_bend.l
  m_TagString: Untagged
  m_Icon: {fileID: 0}
  m_NavMeshLayer: 0
  m_StaticEditorFlags: 0
  m_IsActive: 1
--- !u!1 &1032692120883688
GameObject:
  m_ObjectHideFlags: 1
  m_CorrespondingSourceObject: {fileID: 0}
  m_PrefabInternal: {fileID: 100100000}
  serializedVersion: 6
  m_Component:
  - component: {fileID: 4642792415931202}
  m_Layer: 0
  m_Name: c_thigh_bend_01.l
  m_TagString: Untagged
  m_Icon: {fileID: 0}
  m_NavMeshLayer: 0
  m_StaticEditorFlags: 0
  m_IsActive: 1
--- !u!1 &1050231411571478
GameObject:
  m_ObjectHideFlags: 0
  m_CorrespondingSourceObject: {fileID: 0}
  m_PrefabInternal: {fileID: 100100000}
  serializedVersion: 6
  m_Component:
  - component: {fileID: 4758555087007798}
  - component: {fileID: 95243209918635396}
  m_Layer: 0
  m_Name: character_npc
  m_TagString: Untagged
  m_Icon: {fileID: 0}
  m_NavMeshLayer: 0
  m_StaticEditorFlags: 0
  m_IsActive: 1
--- !u!1 &1057642017539444
GameObject:
  m_ObjectHideFlags: 1
  m_CorrespondingSourceObject: {fileID: 0}
  m_PrefabInternal: {fileID: 100100000}
  serializedVersion: 6
  m_Component:
  - component: {fileID: 4450739664310578}
  m_Layer: 0
  m_Name: c_ankle_bend.r
  m_TagString: Untagged
  m_Icon: {fileID: 0}
  m_NavMeshLayer: 0
  m_StaticEditorFlags: 0
  m_IsActive: 1
--- !u!1 &1080116053201782
GameObject:
  m_ObjectHideFlags: 1
  m_CorrespondingSourceObject: {fileID: 0}
  m_PrefabInternal: {fileID: 100100000}
  serializedVersion: 6
  m_Component:
  - component: {fileID: 4175520388921704}
  m_Layer: 0
  m_Name: spine_02.x
  m_TagString: Untagged
  m_Icon: {fileID: 0}
  m_NavMeshLayer: 0
  m_StaticEditorFlags: 0
  m_IsActive: 1
--- !u!1 &1094785938029090
GameObject:
  m_ObjectHideFlags: 1
  m_CorrespondingSourceObject: {fileID: 0}
  m_PrefabInternal: {fileID: 100100000}
  serializedVersion: 6
  m_Component:
  - component: {fileID: 4392749875396850}
  m_Layer: 0
  m_Name: leg_stretch.l
  m_TagString: Untagged
  m_Icon: {fileID: 0}
  m_NavMeshLayer: 0
  m_StaticEditorFlags: 0
  m_IsActive: 1
--- !u!1 &1117262883948718
GameObject:
  m_ObjectHideFlags: 1
  m_CorrespondingSourceObject: {fileID: 0}
  m_PrefabInternal: {fileID: 100100000}
  serializedVersion: 6
  m_Component:
  - component: {fileID: 4971776237327532}
  m_Layer: 0
  m_Name: shoulder.r
  m_TagString: Untagged
  m_Icon: {fileID: 0}
  m_NavMeshLayer: 0
  m_StaticEditorFlags: 0
  m_IsActive: 1
--- !u!1 &1121553358895552
GameObject:
  m_ObjectHideFlags: 1
  m_CorrespondingSourceObject: {fileID: 0}
  m_PrefabInternal: {fileID: 100100000}
  serializedVersion: 6
  m_Component:
  - component: {fileID: 4263576006664196}
  m_Layer: 0
  m_Name: thigh_stretch.l
  m_TagString: Untagged
  m_Icon: {fileID: 0}
  m_NavMeshLayer: 0
  m_StaticEditorFlags: 0
  m_IsActive: 1
--- !u!1 &1128604895488182
GameObject:
  m_ObjectHideFlags: 1
  m_CorrespondingSourceObject: {fileID: 0}
  m_PrefabInternal: {fileID: 100100000}
  serializedVersion: 6
  m_Component:
  - component: {fileID: 4134852859400924}
  m_Layer: 0
  m_Name: c_elbow_bend.l
  m_TagString: Untagged
  m_Icon: {fileID: 0}
  m_NavMeshLayer: 0
  m_StaticEditorFlags: 0
  m_IsActive: 1
--- !u!1 &1159439908949270
GameObject:
  m_ObjectHideFlags: 1
  m_CorrespondingSourceObject: {fileID: 0}
  m_PrefabInternal: {fileID: 100100000}
  serializedVersion: 6
  m_Component:
  - component: {fileID: 4161225494428164}
  m_Layer: 0
  m_Name: c_arm_bend.l
  m_TagString: Untagged
  m_Icon: {fileID: 0}
  m_NavMeshLayer: 0
  m_StaticEditorFlags: 0
  m_IsActive: 1
--- !u!1 &1243936741468812
GameObject:
  m_ObjectHideFlags: 1
  m_CorrespondingSourceObject: {fileID: 0}
  m_PrefabInternal: {fileID: 100100000}
  serializedVersion: 6
  m_Component:
  - component: {fileID: 4675977397169398}
  m_Layer: 0
  m_Name: forearm_stretch.l
  m_TagString: Untagged
  m_Icon: {fileID: 0}
  m_NavMeshLayer: 0
  m_StaticEditorFlags: 0
  m_IsActive: 1
--- !u!1 &1291449751058540
GameObject:
  m_ObjectHideFlags: 1
  m_CorrespondingSourceObject: {fileID: 0}
  m_PrefabInternal: {fileID: 100100000}
  serializedVersion: 6
  m_Component:
  - component: {fileID: 4033015740467820}
  m_Layer: 0
  m_Name: c_knee_bend.l
  m_TagString: Untagged
  m_Icon: {fileID: 0}
  m_NavMeshLayer: 0
  m_StaticEditorFlags: 0
  m_IsActive: 1
--- !u!1 &1330524872802594
GameObject:
  m_ObjectHideFlags: 1
  m_CorrespondingSourceObject: {fileID: 0}
  m_PrefabInternal: {fileID: 100100000}
  serializedVersion: 6
  m_Component:
  - component: {fileID: 4678951195877918}
  m_Layer: 0
  m_Name: shoulder.l
  m_TagString: Untagged
  m_Icon: {fileID: 0}
  m_NavMeshLayer: 0
  m_StaticEditorFlags: 0
  m_IsActive: 1
--- !u!1 &1380145189485294
GameObject:
  m_ObjectHideFlags: 1
  m_CorrespondingSourceObject: {fileID: 0}
  m_PrefabInternal: {fileID: 100100000}
  serializedVersion: 6
  m_Component:
  - component: {fileID: 4847949614499174}
  m_Layer: 0
  m_Name: c_wrist_bend.r
  m_TagString: Untagged
  m_Icon: {fileID: 0}
  m_NavMeshLayer: 0
  m_StaticEditorFlags: 0
  m_IsActive: 1
--- !u!1 &1383040953622916
GameObject:
  m_ObjectHideFlags: 1
  m_CorrespondingSourceObject: {fileID: 0}
  m_PrefabInternal: {fileID: 100100000}
  serializedVersion: 6
  m_Component:
  - component: {fileID: 4990554506493784}
  m_Layer: 0
  m_Name: c_root_bend.x
  m_TagString: Untagged
  m_Icon: {fileID: 0}
  m_NavMeshLayer: 0
  m_StaticEditorFlags: 0
  m_IsActive: 1
--- !u!1 &1394004754265446
GameObject:
  m_ObjectHideFlags: 1
  m_CorrespondingSourceObject: {fileID: 0}
  m_PrefabInternal: {fileID: 100100000}
  serializedVersion: 6
  m_Component:
  - component: {fileID: 4885477411088976}
  m_Layer: 0
  m_Name: c_thigh_bend_02.l
  m_TagString: Untagged
  m_Icon: {fileID: 0}
  m_NavMeshLayer: 0
  m_StaticEditorFlags: 0
  m_IsActive: 1
--- !u!1 &1398811642916818
GameObject:
  m_ObjectHideFlags: 1
  m_CorrespondingSourceObject: {fileID: 0}
  m_PrefabInternal: {fileID: 100100000}
  serializedVersion: 6
  m_Component:
  - component: {fileID: 4084633372665972}
  m_Layer: 0
  m_Name: c_leg_bend_01.r
  m_TagString: Untagged
  m_Icon: {fileID: 0}
  m_NavMeshLayer: 0
  m_StaticEditorFlags: 0
  m_IsActive: 1
--- !u!1 &1469171753037560
GameObject:
  m_ObjectHideFlags: 1
  m_CorrespondingSourceObject: {fileID: 0}
  m_PrefabInternal: {fileID: 100100000}
  serializedVersion: 6
  m_Component:
  - component: {fileID: 4883189767307102}
  m_Layer: 0
  m_Name: arm_stretch.l
  m_TagString: Untagged
  m_Icon: {fileID: 0}
  m_NavMeshLayer: 0
  m_StaticEditorFlags: 0
  m_IsActive: 1
--- !u!1 &1476509871710702
GameObject:
  m_ObjectHideFlags: 1
  m_CorrespondingSourceObject: {fileID: 0}
  m_PrefabInternal: {fileID: 100100000}
  serializedVersion: 6
  m_Component:
  - component: {fileID: 4702465639316940}
  m_Layer: 0
  m_Name: root
  m_TagString: Untagged
  m_Icon: {fileID: 0}
  m_NavMeshLayer: 0
  m_StaticEditorFlags: 0
  m_IsActive: 1
--- !u!1 &1496221363228094
GameObject:
  m_ObjectHideFlags: 1
  m_CorrespondingSourceObject: {fileID: 0}
  m_PrefabInternal: {fileID: 100100000}
  serializedVersion: 6
  m_Component:
  - component: {fileID: 4024327031169494}
  m_Layer: 0
  m_Name: c_wrist_bend.l
  m_TagString: Untagged
  m_Icon: {fileID: 0}
  m_NavMeshLayer: 0
  m_StaticEditorFlags: 0
  m_IsActive: 1
--- !u!1 &1508519722145176
GameObject:
  m_ObjectHideFlags: 1
  m_CorrespondingSourceObject: {fileID: 0}
  m_PrefabInternal: {fileID: 100100000}
  serializedVersion: 6
  m_Component:
  - component: {fileID: 4450329327932794}
  m_Layer: 0
  m_Name: c_shoulder_bend.l
  m_TagString: Untagged
  m_Icon: {fileID: 0}
  m_NavMeshLayer: 0
  m_StaticEditorFlags: 0
  m_IsActive: 1
--- !u!1 &1522554421178876
GameObject:
  m_ObjectHideFlags: 1
  m_CorrespondingSourceObject: {fileID: 0}
  m_PrefabInternal: {fileID: 100100000}
  serializedVersion: 6
  m_Component:
  - component: {fileID: 4726876104282562}
  m_Layer: 0
  m_Name: neck.x
  m_TagString: Untagged
  m_Icon: {fileID: 0}
  m_NavMeshLayer: 0
  m_StaticEditorFlags: 0
  m_IsActive: 1
--- !u!1 &1528016469606026
GameObject:
  m_ObjectHideFlags: 1
  m_CorrespondingSourceObject: {fileID: 0}
  m_PrefabInternal: {fileID: 100100000}
  serializedVersion: 6
  m_Component:
  - component: {fileID: 4164992403624446}
  m_Layer: 0
  m_Name: c_thigh_bend_contact.l
  m_TagString: Untagged
  m_Icon: {fileID: 0}
  m_NavMeshLayer: 0
  m_StaticEditorFlags: 0
  m_IsActive: 1
--- !u!1 &1528125236944556
GameObject:
  m_ObjectHideFlags: 1
  m_CorrespondingSourceObject: {fileID: 0}
  m_PrefabInternal: {fileID: 100100000}
  serializedVersion: 6
  m_Component:
  - component: {fileID: 4701543806379780}
  m_Layer: 0
  m_Name: c_thigh_bend_02.r
  m_TagString: Untagged
  m_Icon: {fileID: 0}
  m_NavMeshLayer: 0
  m_StaticEditorFlags: 0
  m_IsActive: 1
--- !u!1 &1575209247809286
GameObject:
  m_ObjectHideFlags: 1
  m_CorrespondingSourceObject: {fileID: 0}
  m_PrefabInternal: {fileID: 100100000}
  serializedVersion: 6
  m_Component:
  - component: {fileID: 4399944336764150}
  m_Layer: 0
  m_Name: hand.l
  m_TagString: Untagged
  m_Icon: {fileID: 0}
  m_NavMeshLayer: 0
  m_StaticEditorFlags: 0
  m_IsActive: 1
--- !u!1 &1580850892130242
GameObject:
  m_ObjectHideFlags: 1
  m_CorrespondingSourceObject: {fileID: 0}
  m_PrefabInternal: {fileID: 100100000}
  serializedVersion: 6
  m_Component:
  - component: {fileID: 4556282946986058}
  m_Layer: 0
  m_Name: head.x
  m_TagString: Untagged
  m_Icon: {fileID: 0}
  m_NavMeshLayer: 0
  m_StaticEditorFlags: 0
  m_IsActive: 1
--- !u!1 &1592182722155584
GameObject:
  m_ObjectHideFlags: 1
  m_CorrespondingSourceObject: {fileID: 0}
  m_PrefabInternal: {fileID: 100100000}
  serializedVersion: 6
  m_Component:
  - component: {fileID: 4566474350123960}
  m_Layer: 0
  m_Name: c_shoulder_bend.r
  m_TagString: Untagged
  m_Icon: {fileID: 0}
  m_NavMeshLayer: 0
  m_StaticEditorFlags: 0
  m_IsActive: 1
--- !u!1 &1608087008148064
GameObject:
  m_ObjectHideFlags: 1
  m_CorrespondingSourceObject: {fileID: 0}
  m_PrefabInternal: {fileID: 100100000}
  serializedVersion: 6
  m_Component:
  - component: {fileID: 4148242162135290}
  m_Layer: 0
  m_Name: c_leg_bend_02.r
  m_TagString: Untagged
  m_Icon: {fileID: 0}
  m_NavMeshLayer: 0
  m_StaticEditorFlags: 0
  m_IsActive: 1
--- !u!1 &1608690099910650
GameObject:
  m_ObjectHideFlags: 1
  m_CorrespondingSourceObject: {fileID: 0}
  m_PrefabInternal: {fileID: 100100000}
  serializedVersion: 6
  m_Component:
  - component: {fileID: 4971609323224158}
  m_Layer: 0
  m_Name: thigh_stretch.r
  m_TagString: Untagged
  m_Icon: {fileID: 0}
  m_NavMeshLayer: 0
  m_StaticEditorFlags: 0
  m_IsActive: 1
--- !u!1 &1615906845589008
GameObject:
  m_ObjectHideFlags: 1
  m_CorrespondingSourceObject: {fileID: 0}
  m_PrefabInternal: {fileID: 100100000}
  serializedVersion: 6
  m_Component:
  - component: {fileID: 4337790135570556}
  m_Layer: 0
  m_Name: c_leg_bend_02.l
  m_TagString: Untagged
  m_Icon: {fileID: 0}
  m_NavMeshLayer: 0
  m_StaticEditorFlags: 0
  m_IsActive: 1
--- !u!1 &1622490465814806
GameObject:
  m_ObjectHideFlags: 1
  m_CorrespondingSourceObject: {fileID: 0}
  m_PrefabInternal: {fileID: 100100000}
  serializedVersion: 6
  m_Component:
  - component: {fileID: 4296199303799170}
  m_Layer: 0
  m_Name: c_arm_bend.r
  m_TagString: Untagged
  m_Icon: {fileID: 0}
  m_NavMeshLayer: 0
  m_StaticEditorFlags: 0
  m_IsActive: 1
--- !u!1 &1662985263052298
GameObject:
  m_ObjectHideFlags: 1
  m_CorrespondingSourceObject: {fileID: 0}
  m_PrefabInternal: {fileID: 100100000}
  serializedVersion: 6
  m_Component:
  - component: {fileID: 4436163727929718}
  m_Layer: 0
  m_Name: toes_01.l
  m_TagString: Untagged
  m_Icon: {fileID: 0}
  m_NavMeshLayer: 0
  m_StaticEditorFlags: 0
  m_IsActive: 1
--- !u!1 &1676694514557850
GameObject:
  m_ObjectHideFlags: 1
  m_CorrespondingSourceObject: {fileID: 0}
  m_PrefabInternal: {fileID: 100100000}
  serializedVersion: 6
  m_Component:
  - component: {fileID: 4338808463705466}
  m_Layer: 0
  m_Name: foot.r
  m_TagString: Untagged
  m_Icon: {fileID: 0}
  m_NavMeshLayer: 0
  m_StaticEditorFlags: 0
  m_IsActive: 1
--- !u!1 &1720655935259586
GameObject:
  m_ObjectHideFlags: 0
  m_CorrespondingSourceObject: {fileID: 0}
  m_PrefabInternal: {fileID: 100100000}
  serializedVersion: 6
  m_Component:
  - component: {fileID: 4157101132711414}
  - component: {fileID: 136855706884624518}
  m_Layer: 0
  m_Name: Collider
  m_TagString: Untagged
  m_Icon: {fileID: 0}
  m_NavMeshLayer: 0
  m_StaticEditorFlags: 0
  m_IsActive: 0
--- !u!1 &1722197455176468
GameObject:
  m_ObjectHideFlags: 1
  m_CorrespondingSourceObject: {fileID: 0}
  m_PrefabInternal: {fileID: 100100000}
  serializedVersion: 6
  m_Component:
  - component: {fileID: 4470092660218332}
  m_Layer: 0
  m_Name: spine_01.x
  m_TagString: Untagged
  m_Icon: {fileID: 0}
  m_NavMeshLayer: 0
  m_StaticEditorFlags: 0
  m_IsActive: 1
--- !u!1 &1723562314567482
GameObject:
  m_ObjectHideFlags: 1
  m_CorrespondingSourceObject: {fileID: 0}
  m_PrefabInternal: {fileID: 100100000}
  serializedVersion: 6
  m_Component:
  - component: {fileID: 4845522743399884}
  m_Layer: 0
  m_Name: c_thigh_bend_01.r
  m_TagString: Untagged
  m_Icon: {fileID: 0}
  m_NavMeshLayer: 0
  m_StaticEditorFlags: 0
  m_IsActive: 1
--- !u!1 &1725375566252774
GameObject:
  m_ObjectHideFlags: 1
  m_CorrespondingSourceObject: {fileID: 0}
  m_PrefabInternal: {fileID: 100100000}
  serializedVersion: 6
  m_Component:
  - component: {fileID: 4299848714053282}
  m_Layer: 0
  m_Name: c_spine_01_bend.x
  m_TagString: Untagged
  m_Icon: {fileID: 0}
  m_NavMeshLayer: 0
  m_StaticEditorFlags: 0
  m_IsActive: 1
--- !u!1 &1760185940247246
GameObject:
  m_ObjectHideFlags: 1
  m_CorrespondingSourceObject: {fileID: 0}
  m_PrefabInternal: {fileID: 100100000}
  serializedVersion: 6
  m_Component:
  - component: {fileID: 4119413179662184}
  m_Layer: 0
  m_Name: leg_stretch.r
  m_TagString: Untagged
  m_Icon: {fileID: 0}
  m_NavMeshLayer: 0
  m_StaticEditorFlags: 0
  m_IsActive: 1
--- !u!1 &1802727262935582
GameObject:
  m_ObjectHideFlags: 1
  m_CorrespondingSourceObject: {fileID: 0}
  m_PrefabInternal: {fileID: 100100000}
  serializedVersion: 6
  m_Component:
  - component: {fileID: 4492974847656010}
  m_Layer: 0
  m_Name: c_leg_bend_01.l
  m_TagString: Untagged
  m_Icon: {fileID: 0}
  m_NavMeshLayer: 0
  m_StaticEditorFlags: 0
  m_IsActive: 1
--- !u!1 &1812285944352874
GameObject:
  m_ObjectHideFlags: 1
  m_CorrespondingSourceObject: {fileID: 0}
  m_PrefabInternal: {fileID: 100100000}
  serializedVersion: 6
  m_Component:
  - component: {fileID: 4141592140960964}
  m_Layer: 0
  m_Name: toes_01.r
  m_TagString: Untagged
  m_Icon: {fileID: 0}
  m_NavMeshLayer: 0
  m_StaticEditorFlags: 0
  m_IsActive: 1
--- !u!1 &1831992102527668
GameObject:
  m_ObjectHideFlags: 1
  m_CorrespondingSourceObject: {fileID: 0}
  m_PrefabInternal: {fileID: 100100000}
  serializedVersion: 6
  m_Component:
  - component: {fileID: 4182963608604606}
  m_Layer: 0
  m_Name: c_forearm_bend.l
  m_TagString: Untagged
  m_Icon: {fileID: 0}
  m_NavMeshLayer: 0
  m_StaticEditorFlags: 0
  m_IsActive: 1
--- !u!1 &1836412494201460
GameObject:
  m_ObjectHideFlags: 1
  m_CorrespondingSourceObject: {fileID: 0}
  m_PrefabInternal: {fileID: 100100000}
  serializedVersion: 6
  m_Component:
  - component: {fileID: 4564297340978912}
  - component: {fileID: 137512176282424312}
  m_Layer: 0
  m_Name: body
  m_TagString: Untagged
  m_Icon: {fileID: 0}
  m_NavMeshLayer: 0
  m_StaticEditorFlags: 0
  m_IsActive: 1
--- !u!1 &1849869381692618
GameObject:
  m_ObjectHideFlags: 1
  m_CorrespondingSourceObject: {fileID: 0}
  m_PrefabInternal: {fileID: 100100000}
  serializedVersion: 6
  m_Component:
  - component: {fileID: 4895592159367306}
  m_Layer: 0
  m_Name: arm_stretch.r
  m_TagString: Untagged
  m_Icon: {fileID: 0}
  m_NavMeshLayer: 0
  m_StaticEditorFlags: 0
  m_IsActive: 1
--- !u!1 &1873419637542872
GameObject:
  m_ObjectHideFlags: 1
  m_CorrespondingSourceObject: {fileID: 0}
  m_PrefabInternal: {fileID: 100100000}
  serializedVersion: 6
  m_Component:
  - component: {fileID: 4663184858311958}
  m_Layer: 0
  m_Name: c_waist_bend.x
  m_TagString: Untagged
  m_Icon: {fileID: 0}
  m_NavMeshLayer: 0
  m_StaticEditorFlags: 0
  m_IsActive: 1
--- !u!1 &1912965029404360
GameObject:
  m_ObjectHideFlags: 1
  m_CorrespondingSourceObject: {fileID: 0}
  m_PrefabInternal: {fileID: 100100000}
  serializedVersion: 6
  m_Component:
  - component: {fileID: 4663206286671502}
  m_Layer: 0
  m_Name: root.x
  m_TagString: Untagged
  m_Icon: {fileID: 0}
  m_NavMeshLayer: 0
  m_StaticEditorFlags: 0
  m_IsActive: 1
--- !u!1 &1914687569218596
GameObject:
  m_ObjectHideFlags: 1
  m_CorrespondingSourceObject: {fileID: 0}
  m_PrefabInternal: {fileID: 100100000}
  serializedVersion: 6
  m_Component:
  - component: {fileID: 4092603662102270}
  m_Layer: 0
  m_Name: c_elbow_bend.r
  m_TagString: Untagged
  m_Icon: {fileID: 0}
  m_NavMeshLayer: 0
  m_StaticEditorFlags: 0
  m_IsActive: 1
--- !u!1 &1944177020902718
GameObject:
  m_ObjectHideFlags: 1
  m_CorrespondingSourceObject: {fileID: 0}
  m_PrefabInternal: {fileID: 100100000}
  serializedVersion: 6
  m_Component:
  - component: {fileID: 4204322415122874}
  m_Layer: 0
  m_Name: c_forearm_bend.r
  m_TagString: Untagged
  m_Icon: {fileID: 0}
  m_NavMeshLayer: 0
  m_StaticEditorFlags: 0
  m_IsActive: 1
--- !u!1 &1960007649793404
GameObject:
  m_ObjectHideFlags: 1
  m_CorrespondingSourceObject: {fileID: 0}
  m_PrefabInternal: {fileID: 100100000}
  serializedVersion: 6
  m_Component:
  - component: {fileID: 4705932246807578}
  m_Layer: 0
  m_Name: c_spine_02_bend.x
  m_TagString: Untagged
  m_Icon: {fileID: 0}
  m_NavMeshLayer: 0
  m_StaticEditorFlags: 0
  m_IsActive: 1
--- !u!1 &1961386666377922
GameObject:
  m_ObjectHideFlags: 1
  m_CorrespondingSourceObject: {fileID: 0}
  m_PrefabInternal: {fileID: 100100000}
  serializedVersion: 6
  m_Component:
  - component: {fileID: 4098114594184556}
  m_Layer: 0
  m_Name: c_thigh_bend_contact.r
  m_TagString: Untagged
  m_Icon: {fileID: 0}
  m_NavMeshLayer: 0
  m_StaticEditorFlags: 0
  m_IsActive: 1
--- !u!1 &1976776503581960
GameObject:
  m_ObjectHideFlags: 1
  m_CorrespondingSourceObject: {fileID: 0}
  m_PrefabInternal: {fileID: 100100000}
  serializedVersion: 6
  m_Component:
  - component: {fileID: 4922868594381504}
  m_Layer: 0
  m_Name: forearm_stretch.r
  m_TagString: Untagged
  m_Icon: {fileID: 0}
  m_NavMeshLayer: 0
  m_StaticEditorFlags: 0
  m_IsActive: 1
--- !u!1 &1997583699332898
GameObject:
  m_ObjectHideFlags: 0
  m_CorrespondingSourceObject: {fileID: 0}
  m_PrefabInternal: {fileID: 100100000}
  serializedVersion: 6
  m_Component:
  - component: {fileID: 4845614943222434}
  - component: {fileID: 114183509906930852}
  - component: {fileID: 195198297386792788}
  - component: {fileID: 205772025029042952}
  - component: {fileID: 82256225031283776}
  m_Layer: 0
  m_Name: NPC
  m_TagString: Untagged
  m_Icon: {fileID: 0}
  m_NavMeshLayer: 0
  m_StaticEditorFlags: 0
  m_IsActive: 1
--- !u!1 &1999969633637610
GameObject:
  m_ObjectHideFlags: 1
  m_CorrespondingSourceObject: {fileID: 0}
  m_PrefabInternal: {fileID: 100100000}
  serializedVersion: 6
  m_Component:
  - component: {fileID: 4994003653124846}
  m_Layer: 0
  m_Name: c_knee_bend.r
  m_TagString: Untagged
  m_Icon: {fileID: 0}
  m_NavMeshLayer: 0
  m_StaticEditorFlags: 0
  m_IsActive: 1
--- !u!4 &4010501365844638
Transform:
  m_ObjectHideFlags: 1
  m_CorrespondingSourceObject: {fileID: 0}
  m_PrefabInternal: {fileID: 100100000}
  m_GameObject: {fileID: 1002899913142504}
  m_LocalRotation: {x: 0.40838826, y: -0.5226079, z: 0.5037351, w: 0.5534898}
  m_LocalPosition: {x: 0.0000000023841857, y: 0.0038567423, z: 0}
  m_LocalScale: {x: 0.99996066, y: 1.0000001, z: 1.0000001}
  m_Children:
  - {fileID: 4436163727929718}
  m_Father: {fileID: 4392749875396850}
  m_RootOrder: 4
  m_LocalEulerAnglesHint: {x: 0, y: 0, z: 0}
--- !u!4 &4024327031169494
Transform:
  m_ObjectHideFlags: 1
  m_CorrespondingSourceObject: {fileID: 0}
  m_PrefabInternal: {fileID: 100100000}
  m_GameObject: {fileID: 1496221363228094}
  m_LocalRotation: {x: 0.6577424, y: -0.65774214, z: 0.25956714, w: -0.25956726}
  m_LocalPosition: {x: -0, y: 0.0024778033, z: 0.000000009536743}
  m_LocalScale: {x: 1.0000001, y: 1, z: 0.99999994}
  m_Children: []
  m_Father: {fileID: 4675977397169398}
  m_RootOrder: 1
  m_LocalEulerAnglesHint: {x: 0, y: 0, z: 0}
--- !u!4 &4033015740467820
Transform:
  m_ObjectHideFlags: 1
  m_CorrespondingSourceObject: {fileID: 0}
  m_PrefabInternal: {fileID: 100100000}
  m_GameObject: {fileID: 1291449751058540}
  m_LocalRotation: {x: 0.07972346, y: -0.7025979, z: 0.07972341, w: 0.7025984}
  m_LocalPosition: {x: -0, y: -0.0000000023841857, z: 0}
  m_LocalScale: {x: 1.0000001, y: 1, z: 1.0000001}
  m_Children: []
  m_Father: {fileID: 4392749875396850}
  m_RootOrder: 1
  m_LocalEulerAnglesHint: {x: 0, y: 0, z: 0}
--- !u!4 &4084633372665972
Transform:
  m_ObjectHideFlags: 1
  m_CorrespondingSourceObject: {fileID: 0}
  m_PrefabInternal: {fileID: 100100000}
  m_GameObject: {fileID: 1398811642916818}
  m_LocalRotation: {x: -0.000000017700264, y: -0.7071067, z: -0.000000017700263, w: 0.7071068}
  m_LocalPosition: {x: -0, y: 0.00096418615, z: 0}
  m_LocalScale: {x: 0.9999999, y: 0.9999999, z: 1}
  m_Children: []
  m_Father: {fileID: 4119413179662184}
  m_RootOrder: 2
  m_LocalEulerAnglesHint: {x: 0, y: 0, z: 0}
--- !u!4 &4092603662102270
Transform:
  m_ObjectHideFlags: 1
  m_CorrespondingSourceObject: {fileID: 0}
  m_PrefabInternal: {fileID: 100100000}
  m_GameObject: {fileID: 1914687569218596}
  m_LocalRotation: {x: 0.64849496, y: 0.6484953, z: -0.28187573, w: -0.2818762}
  m_LocalPosition: {x: 0.0000000023841857, y: 0.0020666646, z: 0}
  m_LocalScale: {x: 0.9999999, y: 0.9999998, z: 1}
  m_Children: []
  m_Father: {fileID: 4895592159367306}
  m_RootOrder: 1
  m_LocalEulerAnglesHint: {x: 0, y: 0, z: 0}
--- !u!4 &4098114594184556
Transform:
  m_ObjectHideFlags: 1
  m_CorrespondingSourceObject: {fileID: 0}
  m_PrefabInternal: {fileID: 100100000}
  m_GameObject: {fileID: 1961386666377922}
  m_LocalRotation: {x: 0.0000000074559745, y: -0.7071067, z: 0.000000007455974, w: 0.7071068}
  m_LocalPosition: {x: -0, y: 0.0005728102, z: 0}
  m_LocalScale: {x: 0.9999999, y: 0.9999994, z: 0.9999996}
  m_Children: []
  m_Father: {fileID: 4971609323224158}
  m_RootOrder: 2
  m_LocalEulerAnglesHint: {x: 0, y: 0, z: 0}
--- !u!4 &4119413179662184
Transform:
  m_ObjectHideFlags: 1
  m_CorrespondingSourceObject: {fileID: 0}
  m_PrefabInternal: {fileID: 100100000}
  m_GameObject: {fileID: 1760185940247246}
  m_LocalRotation: {x: -0.000000033981195, y: -0.000000043076216, z: 0.11274476, w: 0.993624}
  m_LocalPosition: {x: -0, y: 0.0038187217, z: 0.000000009536743}
  m_LocalScale: {x: 0.99999976, y: 1.0000001, z: 0.9999997}
  m_Children:
  - {fileID: 4450739664310578}
  - {fileID: 4994003653124846}
  - {fileID: 4084633372665972}
  - {fileID: 4148242162135290}
  - {fileID: 4338808463705466}
  m_Father: {fileID: 4971609323224158}
  m_RootOrder: 3
  m_LocalEulerAnglesHint: {x: 0, y: 0, z: 0}
--- !u!4 &4134852859400924
Transform:
  m_ObjectHideFlags: 1
  m_CorrespondingSourceObject: {fileID: 0}
  m_PrefabInternal: {fileID: 100100000}
  m_GameObject: {fileID: 1128604895488182}
  m_LocalRotation: {x: -0.64849496, y: 0.64849526, z: -0.28187597, w: 0.28187636}
  m_LocalPosition: {x: -0, y: 0.0020666695, z: 0}
  m_LocalScale: {x: 1, y: 0.99999994, z: 1}
  m_Children: []
  m_Father: {fileID: 4883189767307102}
  m_RootOrder: 1
  m_LocalEulerAnglesHint: {x: 0, y: 0, z: 0}
--- !u!4 &4141592140960964
Transform:
  m_ObjectHideFlags: 1
  m_CorrespondingSourceObject: {fileID: 0}
  m_PrefabInternal: {fileID: 100100000}
  m_GameObject: {fileID: 1812285944352874}
  m_LocalRotation: {x: -0.0000003429035, y: 0.9993649, z: -0.035634458, w: 0.00000014546963}
  m_LocalPosition: {x: -0, y: 0.0018607831, z: -5.9604643e-10}
  m_LocalScale: {x: 1.0000006, y: 1.0000008, z: 0.9999999}
  m_Children: []
  m_Father: {fileID: 4338808463705466}
  m_RootOrder: 0
  m_LocalEulerAnglesHint: {x: 0, y: 0, z: 0}
--- !u!4 &4148242162135290
Transform:
  m_ObjectHideFlags: 1
  m_CorrespondingSourceObject: {fileID: 0}
  m_PrefabInternal: {fileID: 100100000}
  m_GameObject: {fileID: 1608087008148064}
  m_LocalRotation: {x: -0.000000017533516, y: -0.7071067, z: -0.000000017533514, w: 0.7071068}
  m_LocalPosition: {x: -0, y: 0.0019283711, z: 0}
  m_LocalScale: {x: 0.9999999, y: 1, z: 1}
  m_Children: []
  m_Father: {fileID: 4119413179662184}
  m_RootOrder: 3
  m_LocalEulerAnglesHint: {x: 0, y: 0, z: 0}
--- !u!4 &4157101132711414
Transform:
  m_ObjectHideFlags: 1
  m_CorrespondingSourceObject: {fileID: 0}
  m_PrefabInternal: {fileID: 100100000}
  m_GameObject: {fileID: 1720655935259586}
  m_LocalRotation: {x: -0, y: -0, z: -0, w: 1}
  m_LocalPosition: {x: 0, y: 1, z: 0}
  m_LocalScale: {x: 1, y: 1, z: 1}
  m_Children: []
  m_Father: {fileID: 4845614943222434}
  m_RootOrder: 1
  m_LocalEulerAnglesHint: {x: 0, y: 0, z: 0}
--- !u!4 &4161225494428164
Transform:
  m_ObjectHideFlags: 1
  m_CorrespondingSourceObject: {fileID: 0}
  m_PrefabInternal: {fileID: 100100000}
  m_GameObject: {fileID: 1159439908949270}
  m_LocalRotation: {x: -0.64849496, y: 0.64849526, z: -0.2818759, w: 0.28187618}
  m_LocalPosition: {x: -0, y: 0.0012400055, z: -0.000000009536743}
  m_LocalScale: {x: 1.0000001, y: 0.9999999, z: 1}
  m_Children: []
  m_Father: {fileID: 4883189767307102}
  m_RootOrder: 0
  m_LocalEulerAnglesHint: {x: 0, y: 0, z: 0}
--- !u!4 &4164992403624446
Transform:
  m_ObjectHideFlags: 1
  m_CorrespondingSourceObject: {fileID: 0}
  m_PrefabInternal: {fileID: 100100000}
  m_GameObject: {fileID: 1528016469606026}
  m_LocalRotation: {x: 0.000000008060796, y: 0.7071067, z: -0.000000008060794, w: 0.7071068}
  m_LocalPosition: {x: -0, y: 0.0005728054, z: 0.000000009536743}
  m_LocalScale: {x: 1.0000001, y: 0.99999946, z: 0.9999998}
  m_Children: []
  m_Father: {fileID: 4263576006664196}
  m_RootOrder: 2
  m_LocalEulerAnglesHint: {x: 0, y: 0, z: 0}
--- !u!4 &4175520388921704
Transform:
  m_ObjectHideFlags: 1
  m_CorrespondingSourceObject: {fileID: 0}
  m_PrefabInternal: {fileID: 100100000}
  m_GameObject: {fileID: 1080116053201782}
  m_LocalRotation: {x: 0.05984018, y: -0.0032953732, z: 0.00019755015, w: 0.99820256}
  m_LocalPosition: {x: 0.000000009536743, y: 0.0018705206, z: 0}
  m_LocalScale: {x: 1.0000002, y: 0.9999999, z: 1.0000001}
  m_Children:
  - {fileID: 4705932246807578}
  - {fileID: 4726876104282562}
  - {fileID: 4678951195877918}
  - {fileID: 4971776237327532}
  m_Father: {fileID: 4470092660218332}
  m_RootOrder: 1
  m_LocalEulerAnglesHint: {x: 0, y: 0, z: 0}
--- !u!4 &4182963608604606
Transform:
  m_ObjectHideFlags: 1
  m_CorrespondingSourceObject: {fileID: 0}
  m_PrefabInternal: {fileID: 100100000}
  m_GameObject: {fileID: 1831992102527668}
  m_LocalRotation: {x: 0.65774196, y: -0.6577418, z: 0.25956815, w: -0.25956815}
  m_LocalPosition: {x: -0, y: 0.0013638973, z: 0}
  m_LocalScale: {x: 1, y: 1.0000001, z: 1.0000001}
  m_Children: []
  m_Father: {fileID: 4675977397169398}
  m_RootOrder: 0
  m_LocalEulerAnglesHint: {x: 0, y: 0, z: 0}
--- !u!4 &4204322415122874
Transform:
  m_ObjectHideFlags: 1
  m_CorrespondingSourceObject: {fileID: 0}
  m_PrefabInternal: {fileID: 100100000}
  m_GameObject: {fileID: 1944177020902718}
  m_LocalRotation: {x: 0.65774196, y: 0.6577418, z: -0.2595682, w: -0.25956813}
  m_LocalPosition: {x: -0.0000000047683715, y: 0.0013639068, z: 0.000000009536743}
  m_LocalScale: {x: 0.9999999, y: 0.99999994, z: 1}
  m_Children: []
  m_Father: {fileID: 4922868594381504}
  m_RootOrder: 0
  m_LocalEulerAnglesHint: {x: 0, y: 0, z: 0}
--- !u!4 &4263576006664196
Transform:
  m_ObjectHideFlags: 1
  m_CorrespondingSourceObject: {fileID: 0}
  m_PrefabInternal: {fileID: 100100000}
  m_GameObject: {fileID: 1121553358895552}
  m_LocalRotation: {x: -0.69616103, y: -0.006375861, z: 0.7104479, w: 0.10287349}
  m_LocalPosition: {x: -0.00091158866, y: 0.0000000011920929, z: 0.000000014305114}
  m_LocalScale: {x: 1.0000001, y: 1.0000004, z: 0.9999999}
  m_Children:
  - {fileID: 4642792415931202}
  - {fileID: 4885477411088976}
  - {fileID: 4164992403624446}
  - {fileID: 4392749875396850}
  m_Father: {fileID: 4663206286671502}
  m_RootOrder: 3
  m_LocalEulerAnglesHint: {x: 0, y: 0, z: 0}
--- !u!4 &4296199303799170
Transform:
  m_ObjectHideFlags: 1
  m_CorrespondingSourceObject: {fileID: 0}
  m_PrefabInternal: {fileID: 100100000}
  m_GameObject: {fileID: 1622490465814806}
  m_LocalRotation: {x: 0.648495, y: 0.64849526, z: -0.28187588, w: -0.28187606}
  m_LocalPosition: {x: -0, y: 0.0012400007, z: 0}
  m_LocalScale: {x: 1.0000001, y: 1.0000002, z: 1.0000001}
  m_Children: []
  m_Father: {fileID: 4895592159367306}
  m_RootOrder: 0
  m_LocalEulerAnglesHint: {x: 0, y: 0, z: 0}
--- !u!4 &4299848714053282
Transform:
  m_ObjectHideFlags: 1
  m_CorrespondingSourceObject: {fileID: 0}
  m_PrefabInternal: {fileID: 100100000}
  m_GameObject: {fileID: 1725375566252774}
  m_LocalRotation: {x: 0.9999691, y: 0.000023533266, z: 0.0033035888, w: -0.0071311803}
  m_LocalPosition: {x: -0.000000085830685, y: 0.0009350687, z: 0.0000133419035}
  m_LocalScale: {x: 1.0000004, y: 1.0000001, z: 1.0007225}
  m_Children: []
  m_Father: {fileID: 4470092660218332}
  m_RootOrder: 0
  m_LocalEulerAnglesHint: {x: 0, y: 0, z: 0}
--- !u!4 &4337790135570556
Transform:
  m_ObjectHideFlags: 1
  m_CorrespondingSourceObject: {fileID: 0}
  m_PrefabInternal: {fileID: 100100000}
  m_GameObject: {fileID: 1615906845589008}
  m_LocalRotation: {x: -0.000000008897907, y: 0.7071067, z: 0.0000000088979055, w: 0.7071068}
  m_LocalPosition: {x: -0, y: 0.00192837, z: 0}
  m_LocalScale: {x: 1.0000001, y: 1.0000001, z: 1.0000001}
  m_Children: []
  m_Father: {fileID: 4392749875396850}
  m_RootOrder: 3
  m_LocalEulerAnglesHint: {x: 0, y: 0, z: 0}
--- !u!4 &4338808463705466
Transform:
  m_ObjectHideFlags: 1
  m_CorrespondingSourceObject: {fileID: 0}
  m_PrefabInternal: {fileID: 100100000}
  m_GameObject: {fileID: 1676694514557850}
  m_LocalRotation: {x: 0.40838775, y: 0.5226083, z: -0.5037344, w: 0.5534904}
  m_LocalPosition: {x: -0, y: 0.0038567423, z: 0}
  m_LocalScale: {x: 0.99996054, y: 0.9999999, z: 0.99999994}
  m_Children:
  - {fileID: 4141592140960964}
  m_Father: {fileID: 4119413179662184}
  m_RootOrder: 4
  m_LocalEulerAnglesHint: {x: 0, y: 0, z: 0}
--- !u!4 &4392749875396850
Transform:
  m_ObjectHideFlags: 1
  m_CorrespondingSourceObject: {fileID: 0}
  m_PrefabInternal: {fileID: 100100000}
  m_GameObject: {fileID: 1094785938029090}
  m_LocalRotation: {x: -0.00000013653069, y: 0.00000007635712, z: -0.11274579, w: 0.9936239}
  m_LocalPosition: {x: -0, y: 0.0038187194, z: 0.000000009536743}
  m_LocalScale: {x: 1, y: 1, z: 0.99999994}
  m_Children:
  - {fileID: 4649119441641678}
  - {fileID: 4033015740467820}
  - {fileID: 4492974847656010}
  - {fileID: 4337790135570556}
  - {fileID: 4010501365844638}
  m_Father: {fileID: 4263576006664196}
  m_RootOrder: 3
  m_LocalEulerAnglesHint: {x: 0, y: 0, z: 0}
--- !u!4 &4399944336764150
Transform:
  m_ObjectHideFlags: 1
  m_CorrespondingSourceObject: {fileID: 0}
  m_PrefabInternal: {fileID: 100100000}
  m_GameObject: {fileID: 1575209247809286}
  m_LocalRotation: {x: 0.11473128, y: 0.90260327, z: 0.08063881, w: 0.40699077}
  m_LocalPosition: {x: -0, y: 0.002727809, z: 0.000000009536743}
  m_LocalScale: {x: 0.9999999, y: 0.99999994, z: 1}
  m_Children: []
  m_Father: {fileID: 4675977397169398}
  m_RootOrder: 2
  m_LocalEulerAnglesHint: {x: 0, y: 0, z: 0}
--- !u!4 &4436163727929718
Transform:
  m_ObjectHideFlags: 1
  m_CorrespondingSourceObject: {fileID: 0}
  m_PrefabInternal: {fileID: 100100000}
  m_GameObject: {fileID: 1662985263052298}
  m_LocalRotation: {x: 0.00000046779837, y: 0.9993649, z: -0.035634737, w: -0.00000014992315}
  m_LocalPosition: {x: -0, y: 0.0018607831, z: 0}
  m_LocalScale: {x: 1.0000006, y: 1.0000007, z: 0.9999999}
  m_Children: []
  m_Father: {fileID: 4010501365844638}
  m_RootOrder: 0
  m_LocalEulerAnglesHint: {x: 0, y: 0, z: 0}
--- !u!4 &4450329327932794
Transform:
  m_ObjectHideFlags: 1
  m_CorrespondingSourceObject: {fileID: 0}
  m_PrefabInternal: {fileID: 100100000}
  m_GameObject: {fileID: 1508519722145176}
  m_LocalRotation: {x: -0.64849484, y: 0.6484953, z: -0.28187633, w: 0.28187594}
  m_LocalPosition: {x: -0, y: 0.00062000274, z: 0}
  m_LocalScale: {x: 0.9999997, y: 0.99999994, z: 0.9999999}
  m_Children: []
  m_Father: {fileID: 4883189767307102}
  m_RootOrder: 2
  m_LocalEulerAnglesHint: {x: 0, y: 0, z: 0}
--- !u!4 &4450739664310578
Transform:
  m_ObjectHideFlags: 1
  m_CorrespondingSourceObject: {fileID: 0}
  m_PrefabInternal: {fileID: 100100000}
  m_GameObject: {fileID: 1057642017539444}
  m_LocalRotation: {x: 0.000000012291483, y: -0.7071059, z: -0.00000009173642, w: 0.70710766}
  m_LocalPosition: {x: -0, y: 0.0032782315, z: 0}
  m_LocalScale: {x: 1, y: 1, z: 0.9999998}
  m_Children: []
  m_Father: {fileID: 4119413179662184}
  m_RootOrder: 0
  m_LocalEulerAnglesHint: {x: 0, y: 0, z: 0}
--- !u!4 &4470092660218332
Transform:
  m_ObjectHideFlags: 1
  m_CorrespondingSourceObject: {fileID: 0}
  m_PrefabInternal: {fileID: 100100000}
  m_GameObject: {fileID: 1722197455176468}
  m_LocalRotation: {x: 0.104863696, y: 0.0032913452, z: 0.00034531718, w: 0.9944811}
  m_LocalPosition: {x: -0, y: 0.0019184208, z: -0.0000000023841857}
  m_LocalScale: {x: 0.9999997, y: 0.99999994, z: 1}
  m_Children:
  - {fileID: 4299848714053282}
  - {fileID: 4175520388921704}
  m_Father: {fileID: 4663206286671502}
  m_RootOrder: 2
  m_LocalEulerAnglesHint: {x: 0, y: 0, z: 0}
--- !u!4 &4492974847656010
Transform:
  m_ObjectHideFlags: 1
  m_CorrespondingSourceObject: {fileID: 0}
  m_PrefabInternal: {fileID: 100100000}
  m_GameObject: {fileID: 1802727262935582}
  m_LocalRotation: {x: -0.000000014458598, y: 0.7071067, z: 0.000000014458596, w: 0.7071068}
  m_LocalPosition: {x: 0.0000000023841857, y: 0.00096418377, z: 0.000000009536743}
  m_LocalScale: {x: 1.0000001, y: 0.9999999, z: 0.99999994}
  m_Children: []
  m_Father: {fileID: 4392749875396850}
  m_RootOrder: 2
  m_LocalEulerAnglesHint: {x: 0, y: 0, z: 0}
--- !u!4 &4556282946986058
Transform:
  m_ObjectHideFlags: 1
  m_CorrespondingSourceObject: {fileID: 0}
  m_PrefabInternal: {fileID: 100100000}
  m_GameObject: {fileID: 1580850892130242}
  m_LocalRotation: {x: -0.12666126, y: 0.0067056627, z: 0.00084764475, w: 0.99192303}
  m_LocalPosition: {x: -0, y: 0.0009735417, z: 0.0000000023841857}
  m_LocalScale: {x: 0.99999994, y: 0.99999994, z: 0.9999999}
  m_Children: []
  m_Father: {fileID: 4726876104282562}
  m_RootOrder: 0
  m_LocalEulerAnglesHint: {x: 0, y: 0, z: 0}
--- !u!4 &4560305010439594
Transform:
  m_ObjectHideFlags: 1
  m_CorrespondingSourceObject: {fileID: 0}
  m_PrefabInternal: {fileID: 100100000}
  m_GameObject: {fileID: 1004958539550406}
  m_LocalRotation: {x: -0.114731364, y: 0.90260327, z: 0.08063857, w: -0.40699074}
  m_LocalPosition: {x: 0.0000000023841857, y: 0.002727809, z: 0}
  m_LocalScale: {x: 0.99999964, y: 0.9999999, z: 0.9999998}
  m_Children: []
  m_Father: {fileID: 4922868594381504}
  m_RootOrder: 2
  m_LocalEulerAnglesHint: {x: 0, y: 0, z: 0}
--- !u!4 &4564297340978912
Transform:
  m_ObjectHideFlags: 1
  m_CorrespondingSourceObject: {fileID: 0}
  m_PrefabInternal: {fileID: 100100000}
  m_GameObject: {fileID: 1836412494201460}
  m_LocalRotation: {x: 0.00000006657903, y: -0, z: -0, w: 1}
  m_LocalPosition: {x: 0, y: 0, z: 0}
  m_LocalScale: {x: 1, y: 1, z: 1}
  m_Children: []
  m_Father: {fileID: 4758555087007798}
  m_RootOrder: 0
  m_LocalEulerAnglesHint: {x: 0, y: 0, z: 0}
--- !u!4 &4566474350123960
Transform:
  m_ObjectHideFlags: 1
  m_CorrespondingSourceObject: {fileID: 0}
  m_PrefabInternal: {fileID: 100100000}
  m_GameObject: {fileID: 1592182722155584}
  m_LocalRotation: {x: 0.6484949, y: 0.6484954, z: -0.28187612, w: -0.28187582}
  m_LocalPosition: {x: -0, y: 0.0006200123, z: 0}
  m_LocalScale: {x: 0.9999995, y: 0.9999998, z: 0.9999999}
  m_Children: []
  m_Father: {fileID: 4895592159367306}
  m_RootOrder: 2
  m_LocalEulerAnglesHint: {x: 0, y: 0, z: 0}
--- !u!4 &4642792415931202
Transform:
  m_ObjectHideFlags: 1
  m_CorrespondingSourceObject: {fileID: 0}
  m_PrefabInternal: {fileID: 100100000}
  m_GameObject: {fileID: 1032692120883688}
  m_LocalRotation: {x: 0.000000012017694, y: 0.7071067, z: -0.000000012017693, w: 0.7071068}
  m_LocalPosition: {x: -0, y: 0.0015274858, z: 0}
  m_LocalScale: {x: 1.0000001, y: 0.9999992, z: 0.9999998}
  m_Children: []
  m_Father: {fileID: 4263576006664196}
  m_RootOrder: 0
  m_LocalEulerAnglesHint: {x: 0, y: 0, z: 0}
--- !u!4 &4649119441641678
Transform:
  m_ObjectHideFlags: 1
  m_CorrespondingSourceObject: {fileID: 0}
  m_PrefabInternal: {fileID: 100100000}
  m_GameObject: {fileID: 1021728404660968}
  m_LocalRotation: {x: -0.000000005288828, y: 0.70710576, z: 0.00000008592573, w: 0.70710784}
  m_LocalPosition: {x: 0.0000000023841857, y: 0.0032782315, z: 0}
  m_LocalScale: {x: 0.99999994, y: 1.0000002, z: 1.0000001}
  m_Children: []
  m_Father: {fileID: 4392749875396850}
  m_RootOrder: 0
  m_LocalEulerAnglesHint: {x: 0, y: 0, z: 0}
--- !u!4 &4663184858311958
Transform:
  m_ObjectHideFlags: 1
  m_CorrespondingSourceObject: {fileID: 0}
  m_PrefabInternal: {fileID: 100100000}
  m_GameObject: {fileID: 1873419637542872}
  m_LocalRotation: {x: 0.11195611, y: 0.000008251775, z: -0.00000092968196, w: 0.9937132}
  m_LocalPosition: {x: -0, y: 0.0019184208, z: -0.0000000023841857}
  m_LocalScale: {x: 1, y: 1, z: 1.0000005}
  m_Children: []
  m_Father: {fileID: 4663206286671502}
  m_RootOrder: 1
  m_LocalEulerAnglesHint: {x: 0, y: 0, z: 0}
--- !u!4 &4663206286671502
Transform:
  m_ObjectHideFlags: 1
  m_CorrespondingSourceObject: {fileID: 0}
  m_PrefabInternal: {fileID: 100100000}
  m_GameObject: {fileID: 1912965029404360}
  m_LocalRotation: {x: 0.62349635, y: -0.000006492268, z: -0.0000051775, w: 0.78182626}
  m_LocalPosition: {x: -0, y: 0.00041784762, z: 0.008453015}
  m_LocalScale: {x: 1, y: 0.9999998, z: 0.9999998}
  m_Children:
  - {fileID: 4990554506493784}
  - {fileID: 4663184858311958}
  - {fileID: 4470092660218332}
  - {fileID: 4263576006664196}
  - {fileID: 4971609323224158}
  m_Father: {fileID: 4702465639316940}
  m_RootOrder: 0
  m_LocalEulerAnglesHint: {x: 0, y: 0, z: 0}
--- !u!4 &4675977397169398
Transform:
  m_ObjectHideFlags: 1
  m_CorrespondingSourceObject: {fileID: 0}
  m_PrefabInternal: {fileID: 100100000}
  m_GameObject: {fileID: 1243936741468812}
  m_LocalRotation: {x: -0.00000033638813, y: -0.00000028387595, z: -0.34071788, w: 0.94016564}
  m_LocalPosition: {x: -0, y: 0.0020666695, z: 0}
  m_LocalScale: {x: 1.0000001, y: 1, z: 1}
  m_Children:
  - {fileID: 4182963608604606}
  - {fileID: 4024327031169494}
  - {fileID: 4399944336764150}
  m_Father: {fileID: 4883189767307102}
  m_RootOrder: 3
  m_LocalEulerAnglesHint: {x: 0, y: 0, z: 0}
--- !u!4 &4678951195877918
Transform:
  m_ObjectHideFlags: 1
  m_CorrespondingSourceObject: {fileID: 0}
  m_PrefabInternal: {fileID: 100100000}
  m_GameObject: {fileID: 1330524872802594}
  m_LocalRotation: {x: 0.4990716, y: -0.4990758, z: 0.50092256, w: 0.5009266}
  m_LocalPosition: {x: -0.0005022907, y: 0.0014135229, z: 0.0000083327295}
  m_LocalScale: {x: 1.0000004, y: 0.9999999, z: 1.0000002}
  m_Children:
  - {fileID: 4883189767307102}
  m_Father: {fileID: 4175520388921704}
  m_RootOrder: 2
  m_LocalEulerAnglesHint: {x: 0, y: 0, z: 0}
--- !u!4 &4701543806379780
Transform:
  m_ObjectHideFlags: 1
  m_CorrespondingSourceObject: {fileID: 0}
  m_PrefabInternal: {fileID: 100100000}
  m_GameObject: {fileID: 1528125236944556}
  m_LocalRotation: {x: 0.000000008531001, y: -0.7071067, z: 0.000000008531, w: 0.7071068}
  m_LocalPosition: {x: -0.0000000023841857, y: 0.0028640414, z: 0}
  m_LocalScale: {x: 0.9999999, y: 0.99999994, z: 0.99999994}
  m_Children: []
  m_Father: {fileID: 4971609323224158}
  m_RootOrder: 1
  m_LocalEulerAnglesHint: {x: 0, y: 0, z: 0}
--- !u!4 &4702465639316940
Transform:
  m_ObjectHideFlags: 1
  m_CorrespondingSourceObject: {fileID: 0}
  m_PrefabInternal: {fileID: 100100000}
  m_GameObject: {fileID: 1476509871710702}
  m_LocalRotation: {x: -0.7071068, y: 0, z: -0, w: 0.7071068}
  m_LocalPosition: {x: 0, y: 0, z: 0}
  m_LocalScale: {x: 104.42679, y: 104.42679, z: 104.42679}
  m_Children:
  - {fileID: 4663206286671502}
  m_Father: {fileID: 4758555087007798}
  m_RootOrder: 1
  m_LocalEulerAnglesHint: {x: 0, y: 0, z: 0}
--- !u!4 &4705932246807578
Transform:
  m_ObjectHideFlags: 1
  m_CorrespondingSourceObject: {fileID: 0}
  m_PrefabInternal: {fileID: 100100000}
  m_GameObject: {fileID: 1960007649793404}
  m_LocalRotation: {x: 0.99860954, y: 8.751047e-11, z: 4.5859844e-12, w: 0.0527168}
  m_LocalPosition: {x: -0, y: 0.00092996476, z: -0.0000984621}
  m_LocalScale: {x: 1, y: 1.0000001, z: 1.0000206}
  m_Children: []
  m_Father: {fileID: 4175520388921704}
  m_RootOrder: 0
  m_LocalEulerAnglesHint: {x: 0, y: 0, z: 0}
--- !u!4 &4726876104282562
Transform:
  m_ObjectHideFlags: 1
  m_CorrespondingSourceObject: {fileID: 0}
  m_PrefabInternal: {fileID: 100100000}
  m_GameObject: {fileID: 1522554421178876}
  m_LocalRotation: {x: 0.07419298, y: -0.006707551, z: -0.00049903954, w: 0.99722123}
  m_LocalPosition: {x: -0, y: 0.0018807793, z: 0}
  m_LocalScale: {x: 1.0000001, y: 1.0000005, z: 1.0000004}
  m_Children:
  - {fileID: 4556282946986058}
  m_Father: {fileID: 4175520388921704}
  m_RootOrder: 1
  m_LocalEulerAnglesHint: {x: 0, y: 0, z: 0}
--- !u!4 &4758555087007798
Transform:
  m_ObjectHideFlags: 1
  m_CorrespondingSourceObject: {fileID: 0}
  m_PrefabInternal: {fileID: 100100000}
  m_GameObject: {fileID: 1050231411571478}
  m_LocalRotation: {x: -0, y: -0, z: -0, w: 1}
  m_LocalPosition: {x: 0, y: -0.01, z: 0}
  m_LocalScale: {x: 1, y: 1, z: 1}
  m_Children:
  - {fileID: 4564297340978912}
  - {fileID: 4702465639316940}
  m_Father: {fileID: 4845614943222434}
  m_RootOrder: 0
  m_LocalEulerAnglesHint: {x: 0, y: 0, z: 0}
--- !u!4 &4845522743399884
Transform:
  m_ObjectHideFlags: 1
  m_CorrespondingSourceObject: {fileID: 0}
  m_PrefabInternal: {fileID: 100100000}
  m_GameObject: {fileID: 1723562314567482}
  m_LocalRotation: {x: 0.000000010008605, y: -0.7071067, z: 0.000000010008604, w: 0.7071068}
  m_LocalPosition: {x: 0.0000000023841857, y: 0.0015274894, z: 0}
  m_LocalScale: {x: 0.9999999, y: 0.9999992, z: 0.9999996}
  m_Children: []
  m_Father: {fileID: 4971609323224158}
  m_RootOrder: 0
  m_LocalEulerAnglesHint: {x: 0, y: 0, z: 0}
--- !u!4 &4845614943222434
Transform:
  m_ObjectHideFlags: 1
  m_CorrespondingSourceObject: {fileID: 0}
  m_PrefabInternal: {fileID: 100100000}
  m_GameObject: {fileID: 1997583699332898}
  m_LocalRotation: {x: -0, y: -0.39474368, z: 0, w: -0.9187913}
  m_LocalPosition: {x: 129.901, y: 0, z: 261.614}
  m_LocalScale: {x: 1, y: 1, z: 1}
  m_Children:
  - {fileID: 4758555087007798}
  - {fileID: 4157101132711414}
  m_Father: {fileID: 0}
  m_RootOrder: 0
  m_LocalEulerAnglesHint: {x: 0, y: 406.5, z: 0}
--- !u!4 &4847949614499174
Transform:
  m_ObjectHideFlags: 1
  m_CorrespondingSourceObject: {fileID: 0}
  m_PrefabInternal: {fileID: 100100000}
  m_GameObject: {fileID: 1380145189485294}
  m_LocalRotation: {x: 0.65774244, y: 0.65774214, z: -0.25956702, w: -0.2595672}
  m_LocalPosition: {x: -0.0000000023841857, y: 0.0024778033, z: 0}
  m_LocalScale: {x: 1, y: 0.9999998, z: 0.99999994}
  m_Children: []
  m_Father: {fileID: 4922868594381504}
  m_RootOrder: 1
  m_LocalEulerAnglesHint: {x: 0, y: 0, z: 0}
--- !u!4 &4883189767307102
Transform:
  m_ObjectHideFlags: 1
  m_CorrespondingSourceObject: {fileID: 0}
  m_PrefabInternal: {fileID: 100100000}
  m_GameObject: {fileID: 1469171753037560}
  m_LocalRotation: {x: 0.41255373, y: 0.049601045, z: -0.028266048, w: 0.9091426}
  m_LocalPosition: {x: -0.0000000023841857, y: 0.0015068721, z: 0}
  m_LocalScale: {x: 1.0000002, y: 1.0000007, z: 1.0000004}
  m_Children:
  - {fileID: 4161225494428164}
  - {fileID: 4134852859400924}
  - {fileID: 4450329327932794}
  - {fileID: 4675977397169398}
  m_Father: {fileID: 4678951195877918}
  m_RootOrder: 0
  m_LocalEulerAnglesHint: {x: 0, y: 0, z: 0}
--- !u!4 &4885477411088976
Transform:
  m_ObjectHideFlags: 1
  m_CorrespondingSourceObject: {fileID: 0}
  m_PrefabInternal: {fileID: 100100000}
  m_GameObject: {fileID: 1394004754265446}
  m_LocalRotation: {x: 0.000000012226172, y: 0.7071067, z: -0.000000012226169, w: 0.7071069}
  m_LocalPosition: {x: 0.0000000023841857, y: 0.0028640388, z: 0.000000009536743}
  m_LocalScale: {x: 1.0000001, y: 1.0000001, z: 1}
  m_Children: []
  m_Father: {fileID: 4263576006664196}
  m_RootOrder: 1
  m_LocalEulerAnglesHint: {x: 0, y: 0, z: 0}
--- !u!4 &4895592159367306
Transform:
  m_ObjectHideFlags: 1
  m_CorrespondingSourceObject: {fileID: 0}
  m_PrefabInternal: {fileID: 100100000}
  m_GameObject: {fileID: 1849869381692618}
  m_LocalRotation: {x: 0.4125536, y: -0.049600855, z: 0.028266126, w: 0.9091427}
  m_LocalPosition: {x: 0.0000000023841857, y: 0.0015068817, z: 0}
  m_LocalScale: {x: 1.0000004, y: 1.0000007, z: 1.0000004}
  m_Children:
  - {fileID: 4296199303799170}
  - {fileID: 4092603662102270}
  - {fileID: 4566474350123960}
  - {fileID: 4922868594381504}
  m_Father: {fileID: 4971776237327532}
  m_RootOrder: 0
  m_LocalEulerAnglesHint: {x: 0, y: 0, z: 0}
--- !u!4 &4922868594381504
Transform:
  m_ObjectHideFlags: 1
  m_CorrespondingSourceObject: {fileID: 0}
  m_PrefabInternal: {fileID: 100100000}
  m_GameObject: {fileID: 1976776503581960}
  m_LocalRotation: {x: -0.00000018438575, y: 0.00000010010434, z: 0.34071776, w: 0.94016564}
  m_LocalPosition: {x: 0.0000000023841857, y: 0.0020666695, z: 0.000000009536743}
  m_LocalScale: {x: 0.9999999, y: 0.99999994, z: 0.9999999}
  m_Children:
  - {fileID: 4204322415122874}
  - {fileID: 4847949614499174}
  - {fileID: 4560305010439594}
  m_Father: {fileID: 4895592159367306}
  m_RootOrder: 3
  m_LocalEulerAnglesHint: {x: 0, y: 0, z: 0}
--- !u!4 &4971609323224158
Transform:
  m_ObjectHideFlags: 1
  m_CorrespondingSourceObject: {fileID: 0}
  m_PrefabInternal: {fileID: 100100000}
  m_GameObject: {fileID: 1608690099910650}
  m_LocalRotation: {x: 0.6961728, y: -0.0063773254, z: 0.71043634, w: -0.10287374}
  m_LocalPosition: {x: 0.0009115791, y: 0.0000000011920929, z: -0.000000014305114}
  m_LocalScale: {x: 1.0000002, y: 0.99999994, z: 1}
  m_Children:
  - {fileID: 4845522743399884}
  - {fileID: 4701543806379780}
  - {fileID: 4098114594184556}
  - {fileID: 4119413179662184}
  m_Father: {fileID: 4663206286671502}
  m_RootOrder: 4
  m_LocalEulerAnglesHint: {x: 0, y: 0, z: 0}
--- !u!4 &4971776237327532
Transform:
  m_ObjectHideFlags: 1
  m_CorrespondingSourceObject: {fileID: 0}
  m_PrefabInternal: {fileID: 100100000}
  m_GameObject: {fileID: 1117262883948718}
  m_LocalRotation: {x: 0.4990716, y: 0.4990758, z: -0.50092256, w: 0.5009266}
  m_LocalPosition: {x: 0.0005022907, y: 0.0014135229, z: 0.0000083327295}
  m_LocalScale: {x: 1.0000004, y: 0.9999999, z: 1.0000002}
  m_Children:
  - {fileID: 4895592159367306}
  m_Father: {fileID: 4175520388921704}
  m_RootOrder: 3
  m_LocalEulerAnglesHint: {x: 0, y: 0, z: 0}
--- !u!4 &4990554506493784
Transform:
  m_ObjectHideFlags: 1
  m_CorrespondingSourceObject: {fileID: 0}
  m_PrefabInternal: {fileID: 100100000}
  m_GameObject: {fileID: 1383040953622916}
  m_LocalRotation: {x: 0.9937132, y: -0.00000092969685, z: -0.000008251773, w: -0.11195591}
  m_LocalPosition: {x: -0, y: 0.0009592104, z: 0}
  m_LocalScale: {x: 1, y: 1, z: 0.99999994}
  m_Children: []
  m_Father: {fileID: 4663206286671502}
  m_RootOrder: 0
  m_LocalEulerAnglesHint: {x: 0, y: 0, z: 0}
--- !u!4 &4994003653124846
Transform:
  m_ObjectHideFlags: 1
  m_CorrespondingSourceObject: {fileID: 0}
  m_PrefabInternal: {fileID: 100100000}
  m_GameObject: {fileID: 1999969633637610}
  m_LocalRotation: {x: 0.07972348, y: 0.7025979, z: -0.079723425, w: 0.7025984}
  m_LocalPosition: {x: -0, y: -0.0000000011920929, z: 0}
  m_LocalScale: {x: 0.9999999, y: 1, z: 1}
  m_Children: []
  m_Father: {fileID: 4119413179662184}
  m_RootOrder: 1
  m_LocalEulerAnglesHint: {x: 0, y: 0, z: 0}
--- !u!82 &82256225031283776
AudioSource:
  m_ObjectHideFlags: 1
  m_CorrespondingSourceObject: {fileID: 0}
  m_PrefabInternal: {fileID: 100100000}
  m_GameObject: {fileID: 1997583699332898}
  m_Enabled: 1
  serializedVersion: 4
  OutputAudioMixerGroup: {fileID: 0}
  m_audioClip: {fileID: 0}
  m_PlayOnAwake: 1
  m_Volume: 0.526
  m_Pitch: 1
  Loop: 0
  Mute: 0
  Spatialize: 0
  SpatializePostEffects: 0
  Priority: 128
  DopplerLevel: 1
  MinDistance: 1
  MaxDistance: 500
  Pan2D: 0
  rolloffMode: 0
  BypassEffects: 0
  BypassListenerEffects: 0
  BypassReverbZones: 0
  rolloffCustomCurve:
    serializedVersion: 2
    m_Curve:
    - serializedVersion: 3
      time: 0
      value: 1
      inSlope: 0
      outSlope: 0
      tangentMode: 0
      weightedMode: 0
      inWeight: 0.33333334
      outWeight: 0.33333334
    - serializedVersion: 3
      time: 1
      value: 0
      inSlope: 0
      outSlope: 0
      tangentMode: 0
      weightedMode: 0
      inWeight: 0.33333334
      outWeight: 0.33333334
    m_PreInfinity: 2
    m_PostInfinity: 2
    m_RotationOrder: 4
  panLevelCustomCurve:
    serializedVersion: 2
    m_Curve:
    - serializedVersion: 3
      time: 0
      value: 1
      inSlope: 0
      outSlope: 0
      tangentMode: 0
      weightedMode: 0
      inWeight: 0.33333334
      outWeight: 0.33333334
    m_PreInfinity: 2
    m_PostInfinity: 2
    m_RotationOrder: 4
  spreadCustomCurve:
    serializedVersion: 2
    m_Curve:
    - serializedVersion: 3
      time: 0
      value: 0
      inSlope: 0
      outSlope: 0
      tangentMode: 0
      weightedMode: 0
      inWeight: 0.33333334
      outWeight: 0.33333334
    m_PreInfinity: 2
    m_PostInfinity: 2
    m_RotationOrder: 4
  reverbZoneMixCustomCurve:
    serializedVersion: 2
    m_Curve:
    - serializedVersion: 3
      time: 0
      value: 1
      inSlope: 0
      outSlope: 0
      tangentMode: 0
      weightedMode: 0
      inWeight: 0.33333334
      outWeight: 0.33333334
    m_PreInfinity: 2
    m_PostInfinity: 2
    m_RotationOrder: 4
--- !u!95 &95243209918635396
Animator:
  serializedVersion: 3
  m_ObjectHideFlags: 1
  m_CorrespondingSourceObject: {fileID: 0}
  m_PrefabInternal: {fileID: 100100000}
  m_GameObject: {fileID: 1050231411571478}
  m_Enabled: 1
  m_Avatar: {fileID: 9000000, guid: feb468bc75453b94cb0a2f1e83f9e5df, type: 3}
  m_Controller: {fileID: 9100000, guid: 3a72f347136bf3244ad37827c2c52c52, type: 2}
  m_CullingMode: 2
  m_UpdateMode: 0
  m_ApplyRootMotion: 0
  m_LinearVelocityBlending: 0
  m_WarningMessage: 
  m_HasTransformHierarchy: 1
  m_AllowConstantClipSamplingOptimization: 1
  m_KeepAnimatorControllerStateOnDisable: 0
--- !u!114 &114183509906930852
MonoBehaviour:
  m_ObjectHideFlags: 1
  m_CorrespondingSourceObject: {fileID: 0}
  m_PrefabInternal: {fileID: 100100000}
  m_GameObject: {fileID: 1997583699332898}
  m_Enabled: 1
  m_EditorHideFlags: 0
  m_Script: {fileID: 11500000, guid: ef13c1d0d85731a42a8ab0da552214ed, type: 3}
  m_Name: 
  m_EditorClassIdentifier: 
  IdleMinWait: 1
  IdleWaitRange: 9
  AttackDamage: 0.5
  MolotovPrefab: {fileID: 1263567715209234, guid: 506f480fb66c90441953786145dd0487,
    type: 2}
  RiotSoundFX: {fileID: 8300000, guid: 9ab2f337ac777404aa77d0ee92b6a68a, type: 3}
  Hand: {fileID: 4560305010439594}
--- !u!136 &136855706884624518
CapsuleCollider:
  m_ObjectHideFlags: 1
  m_CorrespondingSourceObject: {fileID: 0}
  m_PrefabInternal: {fileID: 100100000}
  m_GameObject: {fileID: 1720655935259586}
  m_Material: {fileID: 0}
  m_IsTrigger: 0
  m_Enabled: 1
  m_Radius: 0.25
  m_Height: 2
  m_Direction: 1
  m_Center: {x: 0, y: 0, z: 0}
--- !u!137 &137512176282424312
SkinnedMeshRenderer:
  m_ObjectHideFlags: 1
  m_CorrespondingSourceObject: {fileID: 0}
  m_PrefabInternal: {fileID: 100100000}
  m_GameObject: {fileID: 1836412494201460}
  m_Enabled: 1
  m_CastShadows: 1
  m_ReceiveShadows: 1
  m_DynamicOccludee: 1
  m_MotionVectors: 1
  m_LightProbeUsage: 1
  m_ReflectionProbeUsage: 1
  m_RenderingLayerMask: 4294967295
  m_Materials:
  - {fileID: 2100000, guid: 6ddd71e84b0935042969e43024f13d3e, type: 2}
  m_StaticBatchInfo:
    firstSubMesh: 0
    subMeshCount: 0
  m_StaticBatchRoot: {fileID: 0}
  m_ProbeAnchor: {fileID: 0}
  m_LightProbeVolumeOverride: {fileID: 0}
  m_ScaleInLightmap: 1
  m_PreserveUVs: 0
  m_IgnoreNormalsForChartDetection: 0
  m_ImportantGI: 0
  m_StitchLightmapSeams: 0
  m_SelectedEditorRenderState: 3
  m_MinimumChartSize: 4
  m_AutoUVMaxDistance: 0.5
  m_AutoUVMaxAngle: 89
  m_LightmapParameters: {fileID: 0}
  m_SortingLayerID: 0
  m_SortingLayer: 0
  m_SortingOrder: 0
  serializedVersion: 2
  m_Quality: 0
  m_UpdateWhenOffscreen: 0
  m_SkinnedMotionVectors: 1
  m_Mesh: {fileID: 4300000, guid: feb468bc75453b94cb0a2f1e83f9e5df, type: 3}
  m_Bones:
  - {fileID: 4119413179662184}
  - {fileID: 4338808463705466}
  - {fileID: 4971776237327532}
  - {fileID: 4895592159367306}
  - {fileID: 4470092660218332}
  - {fileID: 4175520388921704}
  - {fileID: 4299848714053282}
  - {fileID: 4705932246807578}
  - {fileID: 4678951195877918}
  - {fileID: 4663206286671502}
  - {fileID: 4971609323224158}
  - {fileID: 4990554506493784}
  - {fileID: 4922868594381504}
  - {fileID: 4560305010439594}
  - {fileID: 4263576006664196}
  - {fileID: 4726876104282562}
  - {fileID: 4883189767307102}
  - {fileID: 4392749875396850}
  - {fileID: 4675977397169398}
  - {fileID: 4399944336764150}
  - {fileID: 4556282946986058}
  - {fileID: 4141592140960964}
  - {fileID: 4010501365844638}
  - {fileID: 4436163727929718}
  m_BlendShapeWeights: []
  m_RootBone: {fileID: 4663206286671502}
  m_AABB:
    m_Center: {x: 0.0000000607688, y: -0.0006205486, z: 0.00027776964}
    m_Extent: {x: 0.00571788, y: 0.008959626, z: 0.0035839858}
  m_DirtyAABB: 0
--- !u!195 &195198297386792788
NavMeshAgent:
  m_ObjectHideFlags: 1
  m_CorrespondingSourceObject: {fileID: 0}
  m_PrefabInternal: {fileID: 100100000}
  m_GameObject: {fileID: 1997583699332898}
  m_Enabled: 1
  m_AgentTypeID: 0
  m_Radius: 0.5
  m_Speed: 4
  m_Acceleration: 8
  avoidancePriority: 50
  m_AngularSpeed: 720
  m_StoppingDistance: 0
  m_AutoTraverseOffMeshLink: 1
  m_AutoBraking: 1
  m_AutoRepath: 1
  m_Height: 2
  m_BaseOffset: 0
  m_WalkableMask: 4294967295
  m_ObstacleAvoidanceType: 2
--- !u!205 &205772025029042952
LODGroup:
  m_ObjectHideFlags: 1
  m_CorrespondingSourceObject: {fileID: 0}
  m_PrefabInternal: {fileID: 100100000}
  m_GameObject: {fileID: 1997583699332898}
  serializedVersion: 2
  m_LocalReferencePoint: {x: 0.00001347065, y: 0.815998, z: -0.000941813}
  m_Size: 1.9908966
  m_FadeMode: 0
  m_AnimateCrossFading: 0
  m_LODs:
  - screenRelativeHeight: 0.05083753
    fadeTransitionWidth: 0
    renderers:
    - renderer: {fileID: 137512176282424312}
  m_Enabled: 1
